@article{Faugeras1986,
  title={The representation, recognition, and locating of 3-D objects},
  author={Faugeras, Olivier D and Hebert, Martial},
  journal={The international journal of robotics research},
  volume={5},
  number={3},
  pages={27--52},
  year={1986},
  publisher={Sage Publications}
}

@article{Horn1987,
  title={Closed-form solution of absolute orientation using unit quaternions},
  author={Horn, Berthold KP},
  journal={JOSA A},
  volume={4},
  number={4},
  pages={629--642},
  year={1987},
  publisher={Optical Society of America}
}

@ARTICLE{Besl1992, 
author={Besl, P.J. and McKay, Neil D.}, 
journal={Pattern Analysis and Machine Intelligence, IEEE Transactions on}, 
title={A method for registration of 3-D shapes}, 
year={1992}, 
month={Feb}, 
volume={14}, 
number={2}, 
pages={239-256}, 
keywords={computational geometry;convergence of numerical methods;iterative methods;optimisation;pattern recognition;picture processing;3D shape registration;convergence;geometric entity;geometric model;iterative closest point;mean-square distance metric;pattern recognition;point set registration;Convergence;Inspection;Iterative algorithms;Iterative closest point algorithm;Iterative methods;Motion estimation;Quaternions;Shape measurement;Solid modeling;Testing}, 
ISSN={0162-8828},}

@article{Zhang1994,
 author = {Zhang, Zhengyou},
 title = {Iterative Point Matching for Registration of Free-form Curves and Surfaces},
 journal = {Int. J. Comput. Vision},
 issue_date = {Oct. 1994},
 volume = {13},
 number = {2},
 month = oct,
 year = {1994},
 issn = {0920-5691},
 pages = {119--152},
 numpages = {34},
 url = {http://dx.doi.org/10.1007/BF01427149},
 doi = {10.1007/BF01427149},
 acmid = {195970},
 publisher = {Kluwer Academic Publishers},
 address = {Hingham, MA, USA},
}

@article{Soucy1996,
title = "Multiresolution Surface Modeling Based on Hierarchical Triangulation ",
journal = "Computer Vision and Image Understanding ",
volume = "63",
number = "1",
pages = "1 - 14",
year = "1996",
note = "",
issn = "1077-3142",
doi = "http://dx.doi.org/10.1006/cviu.1996.0001",
url = "http://www.sciencedirect.com/science/article/pii/S1077314296900016",
author = "Marc Soucy and Denis Laurendeau"
}

@article{Moenning2004,
  title={Intrinsic point cloud simplification},
  author={Moenning, Carsten and Dodgson, Neil A},
  journal={Proc. 14th GrahiCon},
  volume={14},
  year={2004}
}

@article{Boubekeur2009,
title = "Mesh simplification by stochastic sampling and topological clustering ",
journal = "Computers & Graphics ",
volume = "33",
number = "3",
pages = "241 - 249",
year = "2009",
note = "\{IEEE\} International Conference on Shape Modelling and Applications 2009 ",
issn = "0097-8493",
doi = "http://dx.doi.org/10.1016/j.cag.2009.03.025",
url = "http://www.sciencedirect.com/science/article/pii/S0097849309000417",
author = "Tamy Boubekeur and Marc Alexa",
keywords = "Surface simplification",
keywords = "Mesh subsampling",
keywords = "Clustering",
keywords = "Stochastic geometry processing "
}

@inproceedings{Schroeder1992,
  title={Decimation of triangle meshes},
  author={Schroeder, William J and Zarge, Jonathan A and Lorensen, William E},
  booktitle={ACM Siggraph Computer Graphics},
  volume={26},
  number={2},
  pages={65--70},
  year={1992},
  organization={ACM}
}

@ARTICLE{Arun87, 
author={Arun, K.S. and Huang, T. S. and Blostein, S. D.}, 
journal={Pattern Analysis and Machine Intelligence, IEEE Transactions on}, 
title={Least-Squares Fitting of Two 3-D Point Sets}, 
year={1987}, 
month={Sept}, 
volume={PAMI-9}, 
number={5}, 
pages={698-700}, 
keywords={Application software;Computer vision;Economic indicators;Iterative algorithms;Matrix decomposition;Motion estimation;Parameter estimation;Position measurement;Quaternions;Singular value decomposition;Computer vision;least-squares;motion estimation;quaternion;singular value decomposition}, 
ISSN={0162-8828},}

@ARTICLE{Huang86,
author={Huang, T.S and Blostein, S.D. and Margerum, E.A.},
title={Least-squares estimation of motion parameters from 3-D point correspondences},
year={1986},
mont={June},
booktitle={Proc. IEEE Conf. Computer Vision and Pattern Recognition}
}


@INPROCEEDINGS{Hugli1997, 
author={Hugli, H. and Schutz, C.}, 
booktitle={3-D Digital Imaging and Modeling, 1997. Proceedings., International Conference on Recent Advances in}, 
title={Geometric matching of 3D objects: assessing the range of successful initial configurations}, 
year={1997}, 
month={May}, 
pages={101-106}, 
keywords={computational geometry;convergence of numerical methods;image matching;iterative methods;object recognition;3D object geometric matching;SIC-range;convergence;experimental results;global minimum;image correspondence;iterative closest point algorithm;local minimum;object recognition;optimum matching;rigid object configuration;Convergence;Feature extraction;Geometry;Iterative algorithms;Iterative closest point algorithm;Robustness;Rotation measurement;Shape;Testing}, 
doi={10.1109/IM.1997.603854},}

@article{Sanso1973,
title = "An exact solution of the roto-translation problem ",
journal = "Photogrammetria ",
volume = "29",
number = "6",
pages = "203 - 216",
year = "1973",
note = "",
issn = "0031-8663",
doi = "http://dx.doi.org/10.1016/0031-8663(73)90002-1",
url = "http://www.sciencedirect.com/science/article/pii/0031866373900021",
author = "Fernando Sans√≤"
}

@article{Lorusso1997,
  title={Estimating 3-D rigid body transformations: a comparison of four major algorithms},
  author={Eggert, David W and Lorusso, Adele and Fisher, Robert B},
  journal={Machine Vision and Applications},
  volume={9},
  number={5-6},
  pages={272--290},
  year={1997},
  publisher={Springer}
}

@INPROCEEDINGS{Stoddart1996, 
author={Stoddart, A. J. and Hilton, A.}, 
booktitle={Pattern Recognition, 1996., Proceedings of the 13th International Conference on}, 
title={Registration of multiple point sets}, 
year={1996}, 
month={Aug}, 
volume={2}, 
pages={40-44 vol.2}, 
keywords={computer vision;convergence of numerical methods;iterative methods;3D point sets;computer vision;multiple point sets;multiview surface registration problem;rigid body motion;weighted least squares cost;Application software;Computer errors;Computer vision;Cost function;Iterative algorithms;Iterative methods;Least squares methods;Stereo vision;Surface reconstruction;Tactile sensors}, 
doi={10.1109/ICPR.1996.546720}, 
ISSN={1051-4651},}

@article{Park2003,
  title={An accurate and fast point-to-plane registration technique},
  author={Park, Soon-Yong and Subbarao, Murali},
  journal={Pattern Recognition Letters},
  volume={24},
  number={16},
  pages={2967--2976},
  year={2003},
  publisher={Elsevier}
}

@article{Seeger2000,
  title={Comparison of ICP algorithms: First results.},
  author={Seeger, S., Laboureux, X. and Glomann, B.},
  journal={Technical Report Chair for Optics},
  year={2000},
  organization={Friedrich-Alexander-Universitat Erlangen}
  }

@inproceedings{Godin94,
  title={Three-dimensional registration using range and intensity information},
  author={Godin, Guy and Rioux, Marc and Baribeau, Rejean},
  booktitle={Photonics for Industrial Applications},
  pages={279--290},
  year={1994},
  organization={International Society for Optics and Photonics}
}

@INPROCEEDINGS{Weik97, 
author={Weik, S.}, 
booktitle={3-D Digital Imaging and Modeling, 1997. Proceedings., International Conference on Recent Advances in}, 
title={Registration of 3-D partial surface models using luminance and depth information}, 
year={1997}, 
month={May}, 
pages={93-100}, 
keywords={brightness;computer graphics;convergence;image registration;image sequences;image texture;merging;motion estimation;3D Euclidian distances;3D partial surface model registration;camera-based depth information;computer graphics;convergence;degrees of freedom;depth information;luminance information;merging;motion estimation;optical flow;overlapping partial models;quaternions;stereo image processing;textured surface models;three-dimensional objects;Application software;Cameras;Computer graphics;Image reconstruction;Lapping;Merging;Optical sensors;Stereo image processing;Surface reconstruction;Surface texture}, 
doi={10.1109/IM.1997.603853},}

@INPROCEEDINGS{Pulli99, 
author={Pulli, K.}, 
booktitle={3-D Digital Imaging and Modeling, 1999. Proceedings. Second International Conference on}, 
title={Multiview registration for large data sets}, 
year={1999}, 
month={}, 
pages={160-168}, 
keywords={errors;image matching;image registration;image scanners;large data sets;local minimum;multiview registration;multiview step;overlapping surface sections;pairwise alignments;pairwise method;pairwise registration errors;range data alignment;Electrical capacitance tomography;Iterative closest point algorithm;Iterative methods;Lapping;Read only memory;Systems engineering and theory;Tracking}, 
doi={10.1109/IM.1999.805346},}

@article{Zinsser2003,
author = {Zin\ss er, Timo and Schmidt, Jochen and Niemann, Heinrich},
file = {:home/albert/Dropbox/Research/ICP/Categorized/Interesting/(2003) - Performance Analysis of Nearest Neighbor Algorithms for ICP registration.pdf:pdf},
journal = {VMV},
title = {{Performance Analysis of Nearest Neighbor Algorithms for ICP Registration of 3-D Point Sets.}},
url = {http://www.meerratten.de/pdf/jschmidt\_vmv\_2003.pdf},
year = {2003}
}

@INPROCEEDINGS{Jost2002, 
author={Jost, T. and Hugli, H.}, 
booktitle={3D Data Processing Visualization and Transmission, 2002. Proceedings. First International Symposium on}, 
title={A multi-resolution scheme ICP algorithm for fast shape registration}, 
year={2002}, 
month={}, 
pages={540-543}, 
keywords={computational complexity;computational geometry;computer vision;image registration;image representation;image resolution;iterative methods;tree searching;ICP algorithm;coarse to fine multiresolution approach;computer vision;geometric data registration;high resolution data;iterative closest point algorithm;neighbor search;quadratic time complexity;representation;shape registration;tree search;Acceleration;Algorithm design and analysis;Assembly;Computer vision;Iterative algorithms;Iterative closest point algorithm;Multiresolution analysis;Optimal matching;Pattern recognition;Shape}, 
doi={10.1109/TDPVT.2002.1024114},}

@article{Jost2002Thesis,
  title={Fast geometric matching for shape registration},
  author={Jost, Timoth{\'e}e},
  journal={PhD report, Facult{\'e} des Sciences de l'Universit{\'e} de Neuch{\^a}tel},
  year={2002}
}

@INPROCEEDINGS{Jost2003, 
author={Jost, T. and Hugli, H.}, 
booktitle={3-D Digital Imaging and Modeling, 2003. 3DIM 2003. Proceedings. Fourth International Conference on}, 
title={A multi-resolution ICP with heuristic closest point search for fast and robust 3D registration of range images}, 
year={2003}, 
month={Oct}, 
pages={427-433}, 
keywords={computational complexity;computational geometry;image matching;image registration;image representation;image resolution;search problems;3D geometric data;heuristic search;image matching;image quality;image representation;iterative closest point algorithm;multiresolution ICP algorithm;range image registration;time complexity;Acceleration;Clouds;Inspection;Iterative algorithms;Iterative closest point algorithm;Iterative methods;Multiresolution analysis;Object recognition;Robustness;Shape}, 
doi={10.1109/IM.2003.1240278},}

@inproceedings{Garland1997,
  title={Surface simplification using quadric error metrics},
  author={Garland, Michael and Heckbert, Paul S},
  booktitle={Proceedings of the 24th annual conference on Computer graphics and interactive techniques},
  pages={209--216},
  year={1997},
  organization={ACM Press/Addison-Wesley Publishing Co.}
}

@article{Salvi2007,
  title={A review of recent range image registration methods with accuracy evaluation},
  author={Salvi, Joaquim and Matabosch, Carles and Fofi, David and Forest, Josep},
  journal={Image and Vision Computing},
  volume={25},
  number={5},
  pages={578--596},
  year={2007},
  publisher={Elsevier}
}

@article{Fitzgibbon2003,
title = "Robust registration of 2D and 3D point sets ",
journal = "Image and Vision Computing ",
volume = "21",
number = "13‚Äì14",
pages = "1145 - 1153",
year = "2003",
note = "British Machine Vision Computing 2001 ",
issn = "0262-8856",
doi = "http://dx.doi.org/10.1016/j.imavis.2003.09.004",
url = "http://www.sciencedirect.com/science/article/pii/S0262885603001835",
author = "Andrew W Fitzgibbon",
keywords = "Iterated Closest Point",
keywords = "Range image registration",
keywords = "Levenberg‚ÄìMarquardt "
}

@inproceedings{Turk1994,
  title={Zippered polygon meshes from range images},
  author={Turk, Greg and Levoy, Marc},
  booktitle={Proceedings of the 21st annual conference on Computer graphics and interactive techniques},
  pages={311--318},
  year={1994},
  organization={ACM}
}

@INPROCEEDINGS{Wang2009, 
author={Wang Liying and Song WeiDong}, 
booktitle={Urban Remote Sensing Event, 2009 Joint}, 
title={A review of range image registration methods with accuracy evaluation}, 
year={2009}, 
month={May}, 
pages={1-8}, 
keywords={genetic algorithms;geophysical techniques;geophysics computing;image registration;mathematics computing;simulated annealing;3D scanning technology;3D surfaces fusion;GAEA;ICP;MATLAB;Method of Chen;Range Image Registration algorithms;convergence velocity;geometric model acquisition;iterative closest point;object reconstruction;signed distance fields;simulated annealing with genetic algorithms;Fuses;Genetic algorithms;Image reconstruction;Image registration;Iterative algorithms;Iterative methods;MATLAB;Mathematical model;Solid modeling;Surface reconstruction}, 
doi={10.1109/URS.2009.5137473},}

@INPROCEEDINGS{Masuda1996, 
author={Masuda, T. and Sakaue, K. and Yokoya, N.}, 
booktitle={Pattern Recognition, 1996., Proceedings of the 13th International Conference on}, 
title={Registration and integration of multiple range images for 3-D model construction}, 
year={1996}, 
month={Aug}, 
volume={1}, 
pages={879-883 vol.1}, 
keywords={image registration;image sequences;iterative methods;motion estimation;solid modelling;statistical analysis;3D modelling;computer graphics;geometric object surface model;image integration;image registration;image sequences;iterative closest point;iterative method;mesh-based geometric model;multiple range images;rigid motion parameters;Iterative closest point algorithm;Least squares approximation}, 
doi={10.1109/ICPR.1996.546150}, 
ISSN={1051-4651},}

@INPROCEEDINGS{Rusinkiewicz2001, 
author={Rusinkiewicz, S. and Levoy, M.}, 
booktitle={3-D Digital Imaging and Modeling, 2001. Proceedings. Third International Conference on}, 
title={Efficient variants of the ICP algorithm}, 
year={2001}, 
month={}, 
pages={145-152}, 
keywords={distance measurement;image processing;minimisation;real-time systems;geometric alignment;inscribed surfaces;iterative closest point algorithm;minimization strategy;model-based tracking;nearly-flat meshes;range images;real-time 3D model acquisition;three-dimensional models;uniform sampling;Convergence;Geometry;Image sampling;Iterative algorithms;Iterative closest point algorithm;Iterative methods;Layout;Minimization methods;Rough surfaces;Solid modeling}}

@inproceedings{Chen1991,
  title={Object modeling by registration of multiple range images},
  author={Chen, Y and Medioni, G},
  booktitle={Robotics and Automation, 1991. Proceedings., 1991 IEEE International Conference on},
  pages={2724--2729},
  year={1991},
  organization={IEEE}
}

@INPROCEEDINGS{Langis2001, 
author={Langis, C. and Greenspan, M. and Godin, G.}, 
booktitle={3-D Digital Imaging and Modeling, 2001. Proceedings. Third International Conference on}, 
title={The parallel iterative closest point algorithm}, 
year={2001}, 
month={}, 
pages={195-202}, 
keywords={image registration;image thinning;iterative methods;parallel algorithms;iterative closest point algorithm;load balancing;parallel implementation;thinning;Councils;Data acquisition;Data processing;Information technology;Inspection;Iterative closest point algorithm;Load management;Mean square error methods;Registers;Testing}, 
doi={10.1109/IM.2001.924434},}

@incollection{Qiu2009,
year={2009},
isbn={978-3-642-04666-7},
booktitle={Computer Vision Systems},
volume={5815},
series={Lecture Notes in Computer Science},
editor={Fritz, Mario and Schiele, Bernt and Piater, JustusH.},
doi={10.1007/978-3-642-04667-4_20},
title={GPU-Accelerated Nearest Neighbor Search for 3D Registration},
url={http://dx.doi.org/10.1007/978-3-642-04667-4_20},
publisher={Springer Berlin Heidelberg},
keywords={NNS; GPGPU; ICP; 3D registration; SIMD; MIMD},
author={Qiu, Deyuan and May, Stefan and N√ºchter, Andreas},
pages={194-203}
}

@inproceedings{Nuchter2007,
  author    = {Andreas N{\"u}chter},
  title     = {Parallelization of Scan Matching for Robotic 3D Mapping},
  booktitle = {EMCR},
  year      = {2007},
  ee        = {http://ecmr07.informatik.uni-freiburg.de/proceedings/ECMR07_0040.pdf},
  crossref  = {DBLP:conf/emcr/2007},
  bibsource = {DBLP, http://dblp.uni-trier.de}
}

@INPROCEEDINGS{Belshaw2009, 
author={Belshaw, M.S. and Greenspan, M.A.}, 
booktitle={Computer Vision Workshops (ICCV Workshops), 2009 IEEE 12th International Conference on}, 
title={A high speed iterative closest point tracker on an FPGA platform}, 
year={2009}, 
month={Sept}, 
pages={1449-1456}, 
keywords={field programmable gate arrays;image processing equipment;iterative methods;reconfigurable architectures;stereo image processing;FPGA platform;hardware implementation;high speed iterative closest point tracker;object tracking system;software k-d tree implementation;stereo extraction noise;stereo vision;substantial sensor;Bandwidth;Computer vision;Field programmable gate arrays;Hardware;Iterative algorithms;Iterative closest point algorithm;Nearest neighbor searches;Neural networks;Software testing;Stereo vision}, 
doi={10.1109/ICCVW.2009.5457442},}

@INPROCEEDINGS{Hara2013, 
author={Hara, Y. and Bando, S. and Tsuboucffl, T. and Oshima, A. and Kitahara, I. and Kameda, Y.}, 
booktitle={Intelligent Robots and Systems (IROS), 2013 IEEE/RSJ International Conference on}, 
title={6DOF iterative closest point matching considering a priori with maximum a posteriori estimation}, 
year={2013}, 
month={Nov}, 
pages={4172-4179}, 
keywords={Bayes methods;image matching;image registration;iterative methods;maximum likelihood estimation;Bayes theorem;ICP algorithm;MAP estimation;iterative closest point matching algorithm;maximum a posteriori estimation;measurement errors;object movement;objective function;point cloud registration;prior probability;Bayes methods;Covariance matrices;Estimation;Iterative closest point algorithm;Robots;Shape;Standards}, 
doi={10.1109/IROS.2013.6696954}, 
ISSN={2153-0858},}

@INPROCEEDINGS{Park2009, 
author={Soon-Yong Park and Sung-In Choi and Jaekyoung Moon and Joon Kim and Yong-Woon Park}, 
booktitle={Applications of Computer Vision (WACV), 2009 Workshop on}, 
title={Real-time 3D registration of stereo-vision based range images using GPU}, 
year={2009}, 
month={Dec}, 
pages={1-6}, 
keywords={computer graphic equipment;computer vision;image registration;microprocessor chips;parallel architectures;stereo image processing;CUDA programming;GPU programming;accelerated computing power;computer vision;graphic processing unit;hand-held stereo vision sensor;multiview range images;point-to-plane 3D registration;real-time 3D registration;reference coordinate system;Cameras;Central Processing Unit;Computer vision;Image reconstruction;Iterative algorithms;Iterative closest point algorithm;Laser modes;Moon;Real time systems;Shape}, 
doi={10.1109/WACV.2009.5403092}, 
ISSN={1550-5790},}

@INPROCEEDINGS{Xie2013, 
author={Jun Xie and Yu-Feng Hsu and Feris, R.S. and Ming-Ting Sun}, 
booktitle={Circuits and Systems (ISCAS), 2013 IEEE International Symposium on}, 
title={Fine registration of 3D point clouds with iterative closest point using an RGB-D camera}, 
year={2013}, 
month={May}, 
pages={2904-2907}, 
keywords={cameras;image registration;iterative methods;3D point clouds;Kinect-style camera;RGB-D camera;computational processing;fine registration;iterative closest point;sparse SIFT feature pairs;Algorithm design and analysis;Cameras;Heuristic algorithms;Image color analysis;Iterative closest point algorithm;Lighting;Minimization}, 
doi={10.1109/ISCAS.2013.6572486}, 
ISSN={0271-4302},}

@INPROCEEDINGS{Li2010, 
author={Ce Li and Jianru Xue and Shaoyi Du and Nanning Zheng}, 
booktitle={Pattern Recognition (CCPR), 2010 Chinese Conference on}, 
title={A Fast Multi-Resolution Iterative Closest Point Algorithm}, 
year={2010}, 
month={Oct}, 
pages={1-5}, 
keywords={image matching;image registration;image resolution;iterative methods;ICP registration algorithm;Weber law;classical algorithm;computational efficiency;iterative computation;multiresolution iterative closest point algorithm;point set matching;point set registration;psychophysics;transformation matrix;Algorithm design and analysis;Computational modeling;Data models;Iterative closest point algorithm;Robustness;Shape;Three dimensional displays}, 
doi={10.1109/CCPR.2010.5659287},}

@incollection{Chad2010,
year={2010},
isbn={978-3-642-17276-2},
booktitle={Advances in Visual Computing},
volume={6455},
series={Lecture Notes in Computer Science},
editor={Bebis, George and Boyle, Richard and Parvin, Bahram and Koracin, Darko and Chung, Ronald and Hammound, Riad and Hussain, Muhammad and Kar-Han, Tan and Crawfis, Roger and Thalmann, Daniel and Kao, David and Avila, Lisa},
doi={10.1007/978-3-642-17277-9_43},
title={GPU Acceleration of Robust Point Matching},
url={http://dx.doi.org/10.1007/978-3-642-17277-9_43},
publisher={Springer Berlin Heidelberg},
author={Mourning, Chad and Nykl, Scott and Xu, Huihui and Chelberg, David and Liu, Jundong},
pages={417-426}
}

@inproceedings{Zabatani2012,
 author = {Zabatani, Aviad and Bronstein, Alex M.},
 title = {Parallelized Algorithms for Rigid Surface Alignment on GPU},
 booktitle = {Proceedings of the 5th Eurographics Conference on 3D Object Retrieval},
 series = {EG 3DOR'12},
 year = {2012},
 isbn = {978-3-905674-36-1},
 location = {Cagliari, Italy},
 pages = {17--23},
 numpages = {7},
 url = {http://dx.doi.org/10.2312/3DOR/3DOR12/017-023},
 doi = {10.2312/3DOR/3DOR12/017-023},
 acmid = {2381198},
 publisher = {Eurographics Association},
 address = {Aire-la-Ville, Switzerland, Switzerland},
}

@misc{Aravalli2007,
author = {Aravalli, Koushik},
booktitle = {All Theses},
title = {{Registration using Graphics Processor Unit}},
url = {http://tigerprints.clemson.edu/all\_theses/209},
year = {2007}
}


@ARTICLE{Tam2013, 
author={Tam, G.K.L. and Zhi-Quan Cheng and Yu-Kun Lai and Langbein, F.C. and Yonghuai Liu and Marshall, D. and Martin, R.R. and Xian-Fang Sun and Rosin, P.L.}, 
journal={Visualization and Computer Graphics, IEEE Transactions on}, 
title={Registration of 3D Point Clouds and Meshes: A Survey from Rigid to Nonrigid}, 
year={2013}, 
month={July}, 
volume={19}, 
number={7}, 
pages={1199-1217}, 
keywords={computational geometry;mesh generation;solid modelling;3D point cloud registration;coordinate system;data fitting;interwoven component;meshes;model selection;nonrigid registration;optimization;three-dimensional data set;three-dimensional point cloud;three-dimensional surface registration;Bones;Data models;Joints;Mathematical model;Optimization;Vectors;3D scanning;Deformation modeling;digital geometry processing;meshes;point clouds;surface registration}, 
ISSN={1077-2626}
}

@inproceedings{Van2011,
  title={A survey on shape correspondence},
  author={Van Kaick, Oliver and Zhang, Hao and Hamarneh, Ghassan and Cohen-Or, Daniel},
  booktitle={Computer Graphics Forum},
  volume={30},
  number={6},
  pages={1681--1707},
  year={2011},
  organization={Wiley Online Library}
}

@article{Audette2000,
title = "An algorithmic overview of surface registration techniques for medical imaging ",
journal = "Medical Image Analysis ",
volume = "4",
number = "3",
pages = "201 - 217",
year = "2000",
note = "",
issn = "1361-8415",
doi = "http://dx.doi.org/10.1016/S1361-8415(00)00014-1",
url = "http://www.sciencedirect.com/science/article/pii/S1361841500000141",
author = "Michel A. Audette and Frank P. Ferrie and Terry M. Peters",
keywords = "Registration, Feature, Free-form surface, Surface model, Appearance "
}

@article{Liu2007,
title = "A mean field annealing approach to accurate free form shape matching ",
journal = "Pattern Recognition ",
volume = "40",
number = "9",
pages = "2418 - 2436",
year = "2007",
note = "",
issn = "0031-3203",
doi = "http://dx.doi.org/10.1016/j.patcog.2006.11.025",
url = "http://www.sciencedirect.com/science/article/pii/S0031320306005164",
author = "Yonghuai Liu",
keywords = "Mean field annealing",
keywords = "Accurate matching",
keywords = "Overlapping free form shapes",
keywords = "Registration error minimisation",
keywords = "Weight equalisation",
keywords = "Overlapping area maximisation "
}

@article{Pottmann2006,
 author = {Pottmann, Helmut and Huang, Qi-Xing and Yang, Yong-Liang and Hu, Shi-Min},
 title = {Geometry and Convergence Analysis of Algorithms for Registration of 3D Shapes},
 journal = {Int. J. Comput. Vision},
 issue_date = {May       2006},
 volume = {67},
 number = {3},
 month = may,
 year = {2006},
 issn = {0920-5691},
 pages = {277--296},
 numpages = {20},
 acmid = {1132319},
 publisher = {Kluwer Academic Publishers},
 address = {Hingham, MA, USA},
 keywords = {ICP algorithm, convergence analysis, distance function, kinematics, optimization, registration, rigid registration},
} 

@inproceedings{Belshaw2009,
abstract = {This paper presents and examines a hardware implementation of a high speed Iterative Closest Point (ICP) based object tracking system, which uses stereo vision disparities as input. Custom field programmable gate array (FPGA) hardware has been designed to handle the inherent bottlenecks that result from the large input and processing bandwidths of the range data. The custom hardware has been implemented and tested on various objects, using both software simulation and hardware tests. Results indicate that the tracker is able to successfully track freeform objects along arbitrary paths at rates of over 200 frames-per-second. Tracking errors are low, in spite of substantial sensor and stereo extraction noise. The tracker is able to track linear paths within 1.57 mm and 2.80 degrees and gracefully degrades under occlusion. This high speed hardware implementation with 16 parallel nearest neighbor units has a five times speed improvement when compared to a software k-d tree implementation.},
author = {Belshaw, Michael S. and Greenspan, Michael A.},
booktitle = {2009 IEEE 12th International Conference on Computer Vision Workshops, ICCV Workshops},
file = {:home/albert/Dropbox/Research/ICP/Categorized/Hardware implementations/A High Speed Iterative Closest Point Tracker on an FPGA Platform.pdf:pdf},
month = sep,
pages = {1449--1456},
publisher = {IEEE},
shorttitle = {Computer Vision Workshops (ICCV Workshops), 2009 I},
title = {{A high speed iterative closest point tracker on an FPGA platform}},
url = {http://ieeexplore.ieee.org/lpdocs/epic03/wrapper.htm?arnumber=5457442},
year = {2009}
}

@inproceedings {Aldavert2009,
	title = {Visual Registration Method for a Low Cost Robot},
	journal = {7th International Conference on Computer Vision Systems. Lecture Notes in Computer Science},
	volume = {5815},
	year = {2009},
	pages = {204-214},
	publisher = {Springer},
	organization = {Springer},
	address = {Liege, Belgium},
	abstract = {An autonomous mobile robot must face the correspondence
or data association problem in order to carry out
tasks like place recognition or unknown environment mapping. In
order to put into correspondence two maps, most correspondence
methods first extract early features from robot sensor data,
then matches between features are searched and finally the
transformation that relates the maps is estimated from such
matches. However, finding explicit matches between features is a
challenging and computationally expensive task. In this paper, we
propose a new method to align obstacle maps without searching
explicit matches between features. The maps are obtained from a
stereo pair. Then, we use a vocabulary tree approach to identify
putative corresponding maps followed by a Newton minimization
algorithm to find the transformation that relates both maps. The
proposed method is evaluated on a typical office dataset showing
good performance.},
	keywords = {Registration, Bag of features, robot localization},
	ISBN = {3-642-04666-5},
	author = {David Aldavert and Arnau Ramisa and Ricardo Toledo and Ramon L\'opez de M\'antaras}
}

@inproceedings{Hoppe1996,
 author = {Hoppe, Hugues},
 title = {Progressive Meshes},
 booktitle = {Proceedings of the 23rd Annual Conference on Computer Graphics and Interactive Techniques},
 series = {SIGGRAPH '96},
 year = {1996},
 isbn = {0-89791-746-4},
 pages = {99--108},
 numpages = {10},
 url = {http://doi.acm.org/10.1145/237170.237216},
 doi = {10.1145/237170.237216},
 acmid = {237216},
 publisher = {ACM},
 address = {New York, NY, USA},
 keywords = {geometry compression, level of detail, mesh simplification, progressive transmission, shape interpolation},
} 

@INPROCEEDINGS{Boehnke2008, 
author={Boehnke, K. and Otesteanu, M.}, 
booktitle={System Integration, 2008 IEEE/SICE International Symposium on}, 
title={Progressive Mesh Object Registration}, 
year={2008}, 
month={Dec}, 
pages={6-11}, 
keywords={image registration;image representation;industrial robots;iterative methods;laser ranging;mesh generation;object recognition;robot vision;hierarchical object representation;industrial robotic bin picking;iterative closest point algorithm;laser range sensor;object localization;object recognition;progressive mesh object registration;robotic vision;Iterative algorithms;Iterative closest point algorithm;Layout;Object recognition;Pediatrics;Robot vision systems;Robotics and automation;Robustness;Sensor systems;Service robots;Automation system;ICP Algorithm;Robotic bin picking;Virtual Reality simulation;object recognition and localization}, 
doi={10.1109/SI.2008.4770418},}

@inproceedings{Boehnke2O08c,
  added-at = {2009-09-07T00:00:00.000+0200},
  author = {Boehnke, Kay and Otesteanu, Marius},
  biburl = {http://www.bibsonomy.org/bibtex/25ea10db33eecdcbf401405162e3fa73d/dblp},
  booktitle = {ICINCO-RA (2)},
  crossref = {conf/icinco/2008ra2},
  date = {2009-09-07},
  description = {dblp},
  editor = {Filipe, Joaquim and Andrade-Cetto, Juan and Ferrier, Jean-Louis},
  interhash = {2719bf81363ff9003537059ca628fb65},
  intrahash = {5ea10db33eecdcbf401405162e3fa73d},
  isbn = {978-989-8111-31-9},
  keywords = {dblp},
  pages = {121-124},
  publisher = {INSTICC Press},
  timestamp = {2009-09-07T00:00:00.000+0200},
  title = {Progressive Mesh based Iterative Closest Points for Robotic Bin Picking.},
  url = {http://dblp.uni-trier.de/db/conf/icinco/icinco2008-ra2.html#BoehnkeO08},
  year = 2008
}

@INPROCEEDINGS{Xue2004, 
author={XueSong Chen and LiangJun Zhang and Ruofeng Tong and Jinxiang Dong}, 
booktitle={Computer Supported Cooperative Work in Design, 2004. Proceedings. The 8th International Conference on}, 
title={Multi-resolution-based mesh registration}, 
year={2004}, 
month={May}, 
volume={1}, 
pages={88-93 Vol.1}, 
keywords={computational geometry;convergence of numerical methods;image registration;image resolution;mesh generation;iterative closest point;mesh registration;multiresolution mesh;progressive mesh;rigid-body transform;triangle meshes;Character generation;Computational intelligence;Computer science;Convergence;Internet;Iterative algorithms;Iterative closest point algorithm;Iterative methods;Laboratories;Virtual reality}, 
doi={10.1109/CACWD.2004.1348994},}
